<marcxml:record xmlns:marcxml="http://www.loc.gov/MARC21/slim" xmlns:mets="http://www.loc.gov/METS/" xmlns:bf="http://id.loc.gov/ontologies/bibframe/" xmlns:bflc="http://id.loc.gov/ontologies/bflc/" xmlns:madsrdf="http://www.loc.gov/mads/rdf/v1#" xmlns:rdf="http://www.w3.org/1999/02/22-rdf-syntax-ns#" xmlns:ri="http://id.loc.gov/ontologies/RecordInfo#" xmlns:idx="info:lc/xq-modules/lcindex" xmlns:semtriples="http://marklogic.com/semantic" xmlns:xsi="http://www.w3.org/2001/XMLSchema-instance" xmlns:xlink="http://www.w3.org/1999/xlink" xmlns:streams="info:lc/streams#">
  <marcxml:leader>01137cam a2200265 a 4500</marcxml:leader>
  <marcxml:controlfield tag="001">15196064</marcxml:controlfield>
  <marcxml:controlfield tag="005">20091113174253.0</marcxml:controlfield>
  <marcxml:controlfield tag="008">080227s2010    mnuab  j b    001 0 eng  </marcxml:controlfield>
  <marcxml:datafield tag="906" ind1=" " ind2=" ">
    <marcxml:subfield code="a">7</marcxml:subfield>
    <marcxml:subfield code="b">cbc</marcxml:subfield>
    <marcxml:subfield code="c">orignew</marcxml:subfield>
    <marcxml:subfield code="d">1</marcxml:subfield>
    <marcxml:subfield code="e">ecip</marcxml:subfield>
    <marcxml:subfield code="f">20</marcxml:subfield>
    <marcxml:subfield code="g">y-gencatlg</marcxml:subfield>
  </marcxml:datafield>
  <marcxml:datafield tag="925" ind1="0" ind2=" ">
    <marcxml:subfield code="a">acquire</marcxml:subfield>
    <marcxml:subfield code="b">1 shelf copy</marcxml:subfield>
    <marcxml:subfield code="x">policy default</marcxml:subfield>
  </marcxml:datafield>
  <marcxml:datafield tag="955" ind1=" " ind2=" ">
    <marcxml:subfield code="a">jf02 2008-02-27</marcxml:subfield>
    <marcxml:subfield code="c">jf02 2008-02-27</marcxml:subfield>
    <marcxml:subfield code="d">jf02 2008-02-27</marcxml:subfield>
    <marcxml:subfield code="e">jf02 2008-02-27  to Dewey</marcxml:subfield>
    <marcxml:subfield code="a">aa19 2008-02-27</marcxml:subfield>
    <marcxml:subfield code="a">xe05 2009-10-05 1 copy rec'd., to CIP ver.</marcxml:subfield>
    <marcxml:subfield code="a">xh00 2009-10-07 to USPL/STM</marcxml:subfield>
    <marcxml:subfield code="a">xh00 2009-10-07 to USPL/STM</marcxml:subfield>
    <marcxml:subfield code="f">rc17 2009-11-13 CIP ver. to BCCD (telework)</marcxml:subfield>
  </marcxml:datafield>
  <marcxml:datafield tag="010" ind1=" " ind2=" ">
    <marcxml:subfield code="a">  2008009166</marcxml:subfield>
  </marcxml:datafield>
  <marcxml:datafield tag="020" ind1=" " ind2=" ">
    <marcxml:subfield code="a">9781583417355 (hardcover : alk. paper)</marcxml:subfield>
  </marcxml:datafield>
  <marcxml:datafield tag="040" ind1=" " ind2=" ">
    <marcxml:subfield code="a">DLC</marcxml:subfield>
    <marcxml:subfield code="c">DLC</marcxml:subfield>
    <marcxml:subfield code="d">DLC</marcxml:subfield>
  </marcxml:datafield>
  <marcxml:datafield tag="043" ind1=" " ind2=" ">
    <marcxml:subfield code="a">n-us---</marcxml:subfield>
  </marcxml:datafield>
  <marcxml:datafield tag="050" ind1="0" ind2="0">
    <marcxml:subfield code="a">TL799.M6</marcxml:subfield>
    <marcxml:subfield code="b">B64 2010</marcxml:subfield>
  </marcxml:datafield>
  <marcxml:datafield tag="082" ind1="0" ind2="0">
    <marcxml:subfield code="a">629.45/4</marcxml:subfield>
    <marcxml:subfield code="2">22</marcxml:subfield>
  </marcxml:datafield>
  <marcxml:datafield tag="100" ind1="1" ind2=" ">
    <marcxml:subfield code="a">Bodden, Valerie.</marcxml:subfield>
  </marcxml:datafield>
  <marcxml:datafield tag="245" ind1="1" ind2="0">
    <marcxml:subfield code="a">Man walks on the Moon /</marcxml:subfield>
    <marcxml:subfield code="c">by Valerie Bodden.</marcxml:subfield>
  </marcxml:datafield>
  <marcxml:datafield tag="260" ind1=" " ind2=" ">
    <marcxml:subfield code="a">Mankato, Minn. :</marcxml:subfield>
    <marcxml:subfield code="b">Creative Education,</marcxml:subfield>
    <marcxml:subfield code="c">c2010.</marcxml:subfield>
  </marcxml:datafield>
  <marcxml:datafield tag="300" ind1=" " ind2=" ">
    <marcxml:subfield code="a">48 p. :</marcxml:subfield>
    <marcxml:subfield code="b">ill. (some col.), maps ;</marcxml:subfield>
    <marcxml:subfield code="c">28 cm.</marcxml:subfield>
  </marcxml:datafield>
  <marcxml:datafield tag="490" ind1="0" ind2=" ">
    <marcxml:subfield code="a">Days of change</marcxml:subfield>
  </marcxml:datafield>
  <marcxml:datafield tag="504" ind1=" " ind2=" ">
    <marcxml:subfield code="a">Includes bibliographical references (p. 48) and index.</marcxml:subfield>
  </marcxml:datafield>
  <marcxml:datafield tag="650" ind1=" " ind2="0">
    <marcxml:subfield code="a">Space flight to the moon</marcxml:subfield>
    <marcxml:subfield code="v">Juvenile literature.</marcxml:subfield>
  </marcxml:datafield>
  <marcxml:datafield tag="610" ind1="2" ind2="0">
    <marcxml:subfield code="a">Project Apollo (U.S.)</marcxml:subfield>
    <marcxml:subfield code="v">Juvenile literature.</marcxml:subfield>
  </marcxml:datafield>
</marcxml:record>
